<?xml version="1.0" encoding="UTF-8"?><collection xmlns="http://www.loc.gov/MARC21/slim"><record><leader>00502nam--2200193-i-4500</leader><controlfield tag="001">000004724</controlfield><controlfield tag="002">20161230</controlfield><controlfield tag="005">20161230201026</controlfield><controlfield tag="008">060222s1000------------r-----000-0-fre-d</controlfield><datafield ind1=" " ind2=" " tag="040"><subfield code="a">IFIN-HH</subfield></datafield><datafield ind1=" " ind2=" " tag="041"><subfield code="a">fre</subfield></datafield><datafield ind1="1" ind2=" " tag="100"><subfield code="a">Defay, R</subfield></datafield><datafield ind1="1" ind2="0" tag="245"><subfield code="a">Tension superficielle et adsoption</subfield><subfield code="c">R. defay, i. prigogine</subfield></datafield><datafield ind1=" " ind2=" " tag="260"><subfield code="a">Liege</subfield><subfield code="b">Edition Desoer</subfield><subfield code="c">1951</subfield></datafield><datafield ind1=" " ind2=" " tag="300"><subfield code="a">XX + 295 P</subfield></datafield><datafield ind1=" " ind2=" " tag="490"><subfield code="a">Traite De Thermodynamique</subfield></datafield><datafield ind1="1" ind2=" " tag="700"><subfield code="a">Prigogine, I</subfield></datafield><datafield ind1=" " ind2=" " tag="852"><subfield code="a">10699</subfield><subfield code="c">541.1</subfield></datafield><datafield ind1=" " ind2=" " tag="CAT"><subfield code="a">Sys</subfield><subfield code="c">20150309</subfield><subfield code="h">112818</subfield></datafield></record></collection>